<?xml version="1.0" encoding="UTF-8"?><collection xmlns="http://www.loc.gov/MARC21/slim"><record><leader>00420nam--2200133-i-4500</leader><controlfield tag="001">000045831</controlfield><controlfield tag="002">20161230</controlfield><controlfield tag="005">20161230201045</controlfield><controlfield tag="008">060222s1000------------r-----000-0-eng-d</controlfield><datafield ind1=" " ind2=" " tag="080"><subfield code="a">616.073.75</subfield></datafield><datafield ind1=" " ind2=" " tag="100"><subfield code="a">Tuczek,Heinz-volker</subfield></datafield><datafield ind1=" " ind2=" " tag="245"><subfield code="a">Autoradiographische untersuchungen zur topik rna-und dna-synthese in der regenerierenden leber</subfield></datafield><datafield ind1=" " ind2=" " tag="260"><subfield code="a">Munchen, Pathologischen Inst.Der Univ.Munchen, 1970. 120 P</subfield></datafield><datafield ind1=" " ind2=" " tag="852"><subfield code="a">39022</subfield></datafield></record></collection>